@misc{2020top10,
    title = {Best Selling Video Games of 2020: Top Releases},
    url = {https://data40.com/articles/best-selling-video-games-2020/},
    author = {Elizaveta Latinskaya},
    year = {2024.04.15},
    note = {2024.10.13}
}

@misc{2021top10,
    title = {Best Selling Video Games of 2021: Top Releases},
    url = {https://data40.com/articles/best-selling-video-games-2021/},
    author = {Elizaveta Latinskaya},
    year = {2024.05.08},
    note = {2024.10.14}
}

@misc{2022top10,
    title = {Best Selling Video Games of 2022: Top Releases},
    url = {https://data40.com/articles/best-selling-video-games-2022/},
    author = {Elizaveta Latinskaya},
    year = {2024.05.17},
    note = {2024.10.14}
}

@misc{alltimetop10,
    title = {Best Selling Video Games: Ranked by Sales [2024]},
    url = {https://data40.com/articles/best-selling-video-games/},
    author = {Elizaveta Latinskaya},
    year = {2024.05.26},
    note = {2024.10.15}
}

@misc{ITSGame,
    title = {[시장] 계속 증가하던 게임 이용률, 2022년 감소한 이유는?},
    url = {https://itsgame.micehub-gov.com/fairBbs.do?selAction=view&FAIRMENU_IDX=15037&BOARD_IDX=58409&BOARD_NO=100&selPageNo=1&hl=KOR},
    author = {ITS Game},
    year = {unaccsible},
    note = {2024.10.15}
}